@article{alexander2013,
  title={Infinite graphs in systematic biology, with an application to the species problem},
  author={Alexander, Samuel A},
  journal={Acta biotheoretica},
  volume={61},
  number={2},
  pages={181--201},
  year={2013},
  publisher={Springer}
}

@Book{arrow,
  author = {Arrow, K. J.},
  title = {Social choice and individual values},
  year = {1963},
  edition = {2nd},
  publisher = {Wiley}}

@inproceedings{balduzzi,
  title={Re-evaluating evaluation},
  author={Balduzzi, David and Tuyls, Karl and Perolat, Julien and Graepel, Thore},
  booktitle={Advances in Neural Information Processing Systems},
  pages={3268--3279},
  year={2018}
}

@article{fishburn,
  title={Arrow's impossibility theorem: Concise proof and infinite voters},
  author={Fishburn, Peter C},
  journal={Journal of Economic Theory},
  volume={2},
  number={1},
  pages={103--106},
  year={1970},
  publisher={Elsevier}
}

@article{good,
  title={On the marking of chess-players},
  author={Good, Irving John},
  journal={The Mathematical Gazette},
  volume={39},
  number={330},
  pages={292--296},
  year={1955},
  publisher={Cambridge University Press}
}

@article{hernandez,
  title={Measuring universal intelligence: Towards an anytime intelligence test},
  author={Hern{\'a}ndez-Orallo, Jos{\'e} and Dowe, David L},
  journal={Artificial Intelligence},
  volume={174},
  number={18},
  pages={1508--1539},
  year={2010},
  publisher={Elsevier}
}

@inproceedings{hibbard,
  title={Measuring agent intelligence via hierarchies of environments},
  author={Hibbard, Bill},
  booktitle={International Conference on Artificial General Intelligence},
  pages={303--308},
  year={2011},
  organization={Springer}
}

@article{kirman,
  title={Arrow's theorem, many agents, and invisible dictators},
  author={Kirman, Alan P and Sondermann, Dieter},
  journal={Journal of Economic Theory},
  volume={5},
  number={2},
  pages={267--277},
  year={1972},
  publisher={Elsevier}
}

@article{hutter2007,
  title={Universal intelligence: A definition of machine intelligence},
  author={Legg, Shane and Hutter, Marcus},
  journal={Minds and machines},
  volume={17},
  number={4},
  pages={391--444},
  year={2007},
  publisher={Springer}
}

@incollection{philebus,
  title={Philebus},
  booktitle={Plato: complete works},
  author={Plato},
  editor={Cooper, John M and Hutchinson, Douglas S and others},
  year={1997},
  publisher={Hackett Publishing}
}