@article{alexander2013,
  title={Infinite graphs in systematic biology, with an application to the species problem},
  author={Alexander, Samuel A},
  journal={Acta Biotheoretica},
  volume={61},
  number={2},
  pages={181--201},
  year={2013},
  publisher={Springer}
}

@Book{arrow,
  author = {Arrow, K. J.},
  title = {Social choice and individual values},
  year = {1963},
  edition = {2nd},
  publisher = {Wiley}}

@inproceedings{balduzzi,
  title={Re-evaluating evaluation},
  author={Balduzzi, David and Tuyls, Karl and Perolat, Julien and Graepel, Thore},
  booktitle={Advances in Neural Information Processing Systems},
  pages={3268--3279},
  year={2018}
}

@article{fishburn,
  title={Arrow's impossibility theorem: Concise proof and infinite voters},
  author={Fishburn, Peter C},
  journal={Journal of Economic Theory},
  volume={2},
  number={1},
  pages={103--106},
  year={1970},
  publisher={Elsevier}
}

@article{good,
  title={On the marking of chess-players},
  author={Good, Irving John},
  journal={The Mathematical Gazette},
  volume={39},
  number={330},
  pages={292--296},
  year={1955},
  publisher={Cambridge University Press}
}

@article{hernandez,
  title={Measuring universal intelligence: Towards an anytime intelligence test},
  author={Hern{\'a}ndez-Orallo, Jos{\'e} and Dowe, David L},
  journal={Artificial Intelligence},
  volume={174},
  number={18},
  pages={1508--1539},
  year={2010},
  publisher={Elsevier}
}

@inproceedings{hibbard,
  title={Measuring agent intelligence via hierarchies of environments},
  author={Hibbard, Bill},
  booktitle={International Conference on Artificial General Intelligence},
  pages={303--308},
  year={2011},
  organization={Springer}
}

@article{kirman,
  title={Arrow's theorem, many agents, and invisible dictators},
  author={Kirman, Alan P and Sondermann, Dieter},
  journal={Journal of Economic Theory},
  volume={5},
  number={2},
  pages={267--277},
  year={1972},
  publisher={Elsevier}
}

@article{hutter2007,
  title={Universal intelligence: A definition of machine intelligence},
  author={Legg, Shane and Hutter, Marcus},
  journal={Minds and machines},
  volume={17},
  number={4},
  pages={391--444},
  year={2007},
  publisher={Springer}
}

@incollection{legg2013approximation,
  title={An approximation of the universal intelligence measure},
  author={Legg, Shane and Veness, Joel},
  booktitle={Algorithmic Probability and Friends. Bayesian Prediction and Artificial Intelligence},
  pages={236--249},
  year={2013},
  publisher={Springer}
}

@inproceedings{sanghi2003computer,
  title={A computer program capable of passing IQ tests},
  author={Sanghi, Pritika and Dowe, David L},
  booktitle={4th Intl. Conf. on Cognitive Science (ICCSâ€™03), Sydney},
  pages={570--575},
  year={2003}
}

@article{leike2015bad,
  title={Bad universal priors and notions of optimality},
  author={Leike, Jan and Hutter, Marcus},
  year={2015},
  journal={Journal of Machine Learning Research},
  volume={40},
  pages={1244--1259},
  publisher={JMLR}
}

@incollection{philebus,
  title={Philebus},
  booktitle={Plato: complete works},
  author={Plato},
  editor={Cooper, John M and Hutchinson, Douglas S and others},
  year={1997},
  publisher={Hackett Publishing}
}

@article{okasha,
  title={Theory choice and social choice: Kuhn versus Arrow},
  author={Okasha, Samir},
  journal={Mind},
  volume={120},
  number={477},
  pages={83--115},
  year={2011},
  publisher={Oxford University Press}
}

@article{stegenga,
  title={An impossibility theorem for amalgamating evidence},
  author={Stegenga, Jacob},
  journal={Synthese},
  volume={190},
  number={12},
  pages={2391--2411},
  year={2013},
  publisher={Springer}
}

@InCollection{encyclopedia,
  author       =  {Morreau, Michael},
  title        =  {Arrow's Theorem},
  booktitle    =  {The Stanford Encyclopedia of Philosophy},
  editor       =  {Edward N. Zalta},
  howpublished =  {\url{https://plato.stanford.edu/archives/win2016/entries/arrows-theorem/}},
  year         =  {2016},
  edition      =  {Winter 2016},
  publisher    =  {Metaphysics Research Lab, Stanford University}
}

@article{gavane,
  title={A measure of real-time intelligence},
  author={Gavane, Vaibhav},
  journal={Journal of Artificial General Intelligence},
  volume={4},
  number={1},
  pages={31--48},
  year={2013},
  publisher={De Gruyter Open}
}